@ARTICLE{2004A&A...425.1097R,
   author = {{Robbrecht}, E. and {Berghmans}, D.},
    title = "{Automated recognition of coronal mass ejections (CMEs) in near-real-time data}",
  journal = {\aap},
 keywords = {Sun: corona, Sun: particle emission, Sun: coronal mass ejections (CMEs), methods: data analysis, techniques: image processing, catalogs},
     year = 2004,
    month = oct,
   volume = 425,
    pages = {1097-1106},
      doi = {10.1051/0004-6361:20041302},
   adsurl = {http://adsabs.harvard.edu/abs/2004A%26A...425.1097R},
  adsnote = {Provided by the SAO/NASA Astrophysics Data System}
}

@ARTICLE{2008SoPh..248..485O,
   author = {{Olmedo}, O. and {Zhang}, J. and {Wechsler}, H. and {Poland}, A. and 
	{Borne}, K.},
    title = "{Automatic Detection and Tracking of Coronal Mass Ejections in Coronagraph Time Series}",
  journal = {\solphys},
 keywords = {Coronal mass ejection, Automatic detection},
     year = 2008,
    month = apr,
   volume = 248,
    pages = {485-499},
      doi = {10.1007/s11207-007-9104-5},
   adsurl = {http://adsabs.harvard.edu/abs/2008SoPh..248..485O},
  adsnote = {Provided by the SAO/NASA Astrophysics Data System}
}


@ARTICLE{2013ApJ...768..162P,
   author = {{Petrie}, G.~J.~D.},
    title = "{Solar Magnetic Activity Cycles, Coronal Potential Field Models and Eruption Rates}",
  journal = {\apj},
archivePrefix = "arXiv",
   eprint = {1303.1218},
 primaryClass = "astro-ph.SR",
 keywords = {magnetohydrodynamics: MHD, Sun: activity, Sun: corona, Sun: coronal mass ejections: CMEs, Sun: filaments, prominences, Sun: photosphere, Sun: surface magnetism },
     year = 2013,
    month = may,
   volume = 768,
      eid = {162},
    pages = {162},
      doi = {10.1088/0004-637X/768/2/162},
   adsurl = {http://adsabs.harvard.edu/abs/2013ApJ...768..162P},
  adsnote = {Provided by the SAO/NASA Astrophysics Data System}
}