@ARTICLE{1970PASJ...22..341U,
   author = {{Uchida}, Y.},
    title = "{Diagnosis of Coronal Magnetic Structure by Flare-Associated Hydromagnetic Disturbances}",
  journal = {\pasj},
     year = 1970,
   volume = 22,
    pages = {341},
   adsurl = {http://adsabs.harvard.edu/abs/1970PASJ...22..341U},
  adsnote = {Provided by the SAO/NASA Astrophysics Data System}
}

@ARTICLE{2005LRSP....2....3N,
   author = {{Nakariakov}, V.~M. and {Verwichte}, E.},
    title = "{Coronal Waves and Oscillations}",
  journal = {Living Reviews in Solar Physics},
     year = 2005,
    month = jul,
   volume = 2,
    pages = {3},
      doi = {10.12942/lrsp-2005-3},
   adsurl = {http://adsabs.harvard.edu/abs/2005LRSP....2....3N},
  adsnote = {Provided by the SAO/NASA Astrophysics Data System}
}

@ARTICLE{2008ApJ...675.1637S,
   author = {{Schrijver}, C.~J. and {De Rosa}, M.~L. and {Metcalf}, T. and 
	{Barnes}, G. and {Lites}, B. and {Tarbell}, T. and {McTiernan}, J. and 
	{Valori}, G. and {Wiegelmann}, T. and {Wheatland}, M.~S. and 
	{Amari}, T. and {Aulanier}, G. and {D{\'e}moulin}, P. and {Fuhrmann}, M. and 
	{Kusano}, K. and {R{\'e}gnier}, S. and {Thalmann}, J.~K.},
    title = "{Nonlinear Force-free Field Modeling of a Solar Active Region around the Time of a Major Flare and Coronal Mass Ejection}",
  journal = {\apj},
archivePrefix = "arXiv",
   eprint = {0712.0023},
 keywords = {Sun: Activity, Sun: Corona, Sun: Flares, Sun: Magnetic Fields},
     year = 2008,
    month = mar,
   volume = 675,
    pages = {1637-1644},
      doi = {10.1086/527413},
   adsurl = {http://adsabs.harvard.edu/abs/2008ApJ...675.1637S},
  adsnote = {Provided by the SAO/NASA Astrophysics Data System}
}


@ARTICLE{2007Sci...317.1192T,
   author = {{Tomczyk}, S. and {McIntosh}, S.~W. and {Keil}, S.~L. and {Judge}, P.~G. and 
	{Schad}, T. and {Seeley}, D.~H. and {Edmondson}, J.},
    title = "{Alfv{\'e}n Waves in the Solar Corona}",
  journal = {Science},
     year = 2007,
    month = aug,
   volume = 317,
    pages = {1192-},
      doi = {10.1126/science.1143304},
   adsurl = {http://adsabs.harvard.edu/abs/2007Sci...317.1192T},
  adsnote = {Provided by the SAO/NASA Astrophysics Data System}
}