@ARTICLE{2005SoPh..228..265P,
   author = {{Podladchikova}, O. and {Berghmans}, D.},
    title = "{Automated Detection Of Eit Waves And Dimmings}",
  journal = {\solphys},
     year = 2005,
    month = may,
   volume = 228,
    pages = {265-284},
      doi = {10.1007/s11207-005-5373-z},
   adsurl = {http://adsabs.harvard.edu/abs/2005SoPh..228..265P},
  adsnote = {Provided by the SAO/NASA Astrophysics Data System}
}
