@ARTICLE{soho,
   author = {{Domingo}, V. and {Fleck}, B. and {Poland}, A.~I.},
    title = "{The SOHO Mission: an Overview}",
  journal = {\solphys},
 keywords = {SOHO, solar interior, solar corona, solar wind},
     year = 1995,
    month = dec,
   volume = 162,
    pages = {1-37},
      doi = {10.1007/BF00733425},
   adsurl = {http://adsabs.harvard.edu/abs/1995SoPh..162....1D},
  adsnote = {Provided by the SAO/NASA Astrophysics Data System}
}

@ARTICLE{aia,
   author = {{Lemen}, J.~R. and {Title}, A.~M. and {Akin}, D.~J. and {Boerner}, P.~F. and 
	{Chou}, C. and {Drake}, J.~F. and {Duncan}, D.~W. and {Edwards}, C.~G. and 
	{Friedlaender}, F.~M. and {Heyman}, G.~F. and {Hurlburt}, N.~E. and 
	{Katz}, N.~L. and {Kushner}, G.~D. and {Levay}, M. and {Lindgren}, R.~W. and 
	{Mathur}, D.~P. and {McFeaters}, E.~L. and {Mitchell}, S. and 
	{Rehse}, R.~A. and {Schrijver}, C.~J. and {Springer}, L.~A. and 
	{Stern}, R.~A. and {Tarbell}, T.~D. and {Wuelser}, J.-P. and 
	{Wolfson}, C.~J. and {Yanari}, C. and {Bookbinder}, J.~A. and 
	{Cheimets}, P.~N. and {Caldwell}, D. and {Deluca}, E.~E. and 
	{Gates}, R. and {Golub}, L. and {Park}, S. and {Podgorski}, W.~A. and 
	{Bush}, R.~I. and {Scherrer}, P.~H. and {Gummin}, M.~A. and 
	{Smith}, P. and {Auker}, G. and {Jerram}, P. and {Pool}, P. and 
	{Soufli}, R. and {Windt}, D.~L. and {Beardsley}, S. and {Clapp}, M. and 
	{Lang}, J. and {Waltham}, N.},
    title = "{The Atmospheric Imaging Assembly (AIA) on the Solar Dynamics Observatory (SDO)}",
  journal = {\solphys},
 keywords = {Solar corona, Solar instrumentation, Solar imaging, Extreme ultraviolet},
     year = 2012,
    month = jan,
   volume = 275,
    pages = {17-40},
      doi = {10.1007/s11207-011-9776-8},
   adsurl = {http://adsabs.harvard.edu/abs/2012SoPh..275...17L},
  adsnote = {Provided by the SAO/NASA Astrophysics Data System}
}

@ARTICLE{sdo,
   author = {{Pesnell}, W.~D. and {Thompson}, B.~J. and {Chamberlin}, P.~C.
	},
    title = "{The Solar Dynamics Observatory (SDO)}",
  journal = {\solphys},
 keywords = {SDO, Solar cycle, Helioseismology, Coronal, Space weather},
     year = 2012,
    month = jan,
   volume = 275,
    pages = {3-15},
      doi = {10.1007/s11207-011-9841-3},
   adsurl = {http://adsabs.harvard.edu/abs/2012SoPh..275....3P},
  adsnote = {Provided by the SAO/NASA Astrophysics Data System}
}


@ARTICLE{eit,
   author = {{Delaboudini{\`e}re}, J.-P. and {Artzner}, G.~E. and {Brunaud}, J. and 
	{Gabriel}, A.~H. and {Hochedez}, J.~F. and {Millier}, F. and 
	{Song}, X.~Y. and {Au}, B. and {Dere}, K.~P. and {Howard}, R.~A. and 
	{Kreplin}, R. and {Michels}, D.~J. and {Moses}, J.~D. and {Defise}, J.~M. and 
	{Jamar}, C. and {Rochus}, P. and {Chauvineau}, J.~P. and {Marioge}, J.~P. and 
	{Catura}, R.~C. and {Lemen}, J.~R. and {Shing}, L. and {Stern}, R.~A. and 
	{Gurman}, J.~B. and {Neupert}, W.~M. and {Maucherat}, A. and 
	{Clette}, F. and {Cugnon}, P. and {van Dessel}, E.~L.},
    title = "{EIT: Extreme-Ultraviolet Imaging Telescope for the SOHO Mission}",
  journal = {\solphys},
 keywords = {Solar X-rays, Solar EUV, Multilayer telescope},
     year = 1995,
    month = dec,
   volume = 162,
    pages = {291-312},
      doi = {10.1007/BF00733432},
   adsurl = {http://adsabs.harvard.edu/abs/1995SoPh..162..291D},
  adsnote = {Provided by the SAO/NASA Astrophysics Data System}
}


@ARTICLE{trace,
   author = {{Handy}, B.~N. and {Acton}, L.~W. and {Kankelborg}, C.~C. and 
	{Wolfson}, C.~J. and {Akin}, D.~J. and {Bruner}, M.~E. and {Caravalho}, R. and 
	{Catura}, R.~C. and {Chevalier}, R. and {Duncan}, D.~W. and 
	{Edwards}, C.~G. and {Feinstein}, C.~N. and {Freeland}, S.~L. and 
	{Friedlaender}, F.~M. and {Hoffmann}, C.~H. and {Hurlburt}, N.~E. and 
	{Jurcevich}, B.~K. and {Katz}, N.~L. and {Kelly}, G.~A. and 
	{Lemen}, J.~R. and {Levay}, M. and {Lindgren}, R.~W. and {Mathur}, D.~P. and 
	{Meyer}, S.~B. and {Morrison}, S.~J. and {Morrison}, M.~D. and 
	{Nightingale}, R.~W. and {Pope}, T.~P. and {Rehse}, R.~A. and 
	{Schrijver}, C.~J. and {Shine}, R.~A. and {Shing}, L. and {Strong}, K.~T. and 
	{Tarbell}, T.~D. and {Title}, A.~M. and {Torgerson}, D.~D. and 
	{Golub}, L. and {Bookbinder}, J.~A. and {Caldwell}, D. and {Cheimets}, P.~N. and 
	{Davis}, W.~N. and {Deluca}, E.~E. and {McMullen}, R.~A. and 
	{Warren}, H.~P. and {Amato}, D. and {Fisher}, R. and {Maldonado}, H. and 
	{Parkinson}, C.},
    title = "{The transition region and coronal explorer}",
  journal = {\solphys},
     year = 1999,
    month = jul,
   volume = 187,
    pages = {229-260},
      doi = {10.1023/A:1005166902804},
   adsurl = {http://adsabs.harvard.edu/abs/1999SoPh..187..229H},
  adsnote = {Provided by the SAO/NASA Astrophysics Data System}
}
